
@article{anderson2021,
	title = {The past, present, and future of selection history},
	author = {Anderson, Brian A. and Kim, Haena and Kim, Andy J. and Liao, Ming-Ray and Mrkonja, Lana and Clement, Andrew and {Grégoire}, Laurent},
	year = {2021},
	month = {11},
	date = {2021-11-01},
	journal = {Neuroscience & Biobehavioral Reviews},
	pages = {326--350},
	volume = {130},
	doi = {10.1016/j.neubiorev.2021.09.004},
	url = {https://www.sciencedirect.com/science/article/pii/S0149763421003869}
}

@article{abrahm2003,
	title = {Update in palliative medicine and end-of-life care.},
	author = {Abrahm, Janet L.},
	year = {2003},
	date = {2003},
	journal = {Annual review of medicine},
	pages = {53--72},
	volume = {54},
	doi = {10.1146/annurev.med.54.101601.152218},
	note = {Place: United States
PMID: 12525669},
	langid = {eng}
}

@article{failing2018,
	title = {Selection history: How reward modulates selectivity of visual attention},
	author = {Failing, Michel and Theeuwes, Jan},
	year = {2018},
	month = {04},
	date = {2018-04-01},
	journal = {Psychonomic Bulletin & Review},
	pages = {514--538},
	volume = {25},
	number = {2},
	doi = {10.3758/s13423-017-1380-y},
	url = {https://doi.org/10.3758/s13423-017-1380-y},
	langid = {en}
}

@article{lepelley2015,
	title = {When Goals Conflict With Values: Counterproductive Attentional and Oculomotor Capture by Reward-Related Stimuli},
	author = {Le Pelley, Mike E and Pearson, Daniel and Griffiths, Oren and Beesley, Tom},
	year = {2015},
	date = {2015},
	journal = {Journal of Experimental Psychology: General},
	pages = {158--171},
	volume = {144},
	doi = {http://dx.doi.org/10.1037/xge0000037},
	langid = {en}
}

@article{theeuwes1992,
	title = {Perceptual selectivity for color and form},
	author = {Theeuwes, Jan},
	year = {1992},
	month = {11},
	date = {1992-11-01},
	journal = {Perception & Psychophysics},
	pages = {599--606},
	volume = {51},
	number = {6},
	doi = {10.3758/BF03211656},
	url = {https://doi.org/10.3758/BF03211656},
	langid = {en}
}

@article{theeuwes1994,
	title = {Stimulus-driven capture and attentional set: Selective search for color and visual abrupt onsets},
	author = {Theeuwes, Jan},
	year = {1994},
	date = {1994},
	journal = {Journal of Experimental Psychology: Human Perception and Performance},
	pages = {799--806},
	volume = {20},
	number = {4},
	doi = {10.1037/0096-1523.20.4.799},
	note = {Place: US
Publisher: American Psychological Association}
}

@article{lepelley2015a,
	title = {When Goals Conflict With Values: Counterproductive Attentional and Oculomotor Capture by Reward-Related Stimuli},
	author = {Le Pelley, Mike E and Pearson, Daniel and Griffiths, Oren and Beesley, Tom},
	year = {2015},
	date = {2015},
	journal = {Journal of Experimental Psychology: General},
	pages = {158--171},
	volume = {144},
	doi = {http://dx.doi.org/10.1037/xge0000037},
	langid = {en}
}

@article{pearson2016,
	title = {Value-modulated oculomotor capture by task-irrelevant stimuli is a consequence of early competition on the saccade map},
	author = {Pearson, Daniel and Osborn, Raphaella and Whitford, Thomas J. and Failing, Michel and Theeuwes, Jan and Le Pelley, Mike E.},
	year = {2016},
	month = {10},
	date = {2016-10-01},
	journal = {Attention, Perception, & Psychophysics},
	pages = {2226--2240},
	volume = {78},
	number = {7},
	doi = {10.3758/s13414-016-1135-2},
	url = {https://doi.org/10.3758/s13414-016-1135-2},
	langid = {en}
}

@article{theeuwes2012,
	title = {Reward grabs the eye: Oculomotor capture by rewarding stimuli},
	author = {Theeuwes, Jan and Belopolsky, Artem V.},
	year = {2012},
	month = {12},
	date = {2012-12-01},
	journal = {Vision Research},
	pages = {80--85},
	series = {Visual Attention 2012 Volume I},
	volume = {74},
	doi = {10.1016/j.visres.2012.07.024},
	url = {https://www.sciencedirect.com/science/article/pii/S0042698912002507},
	langid = {en}
}

@article{lovibond2002,
	title = {The role of awareness in Pavlovian conditioning: Empirical evidence and theoretical implications},
	author = {Lovibond, Peter F. and Shanks, David R.},
	year = {2002},
	date = {2002},
	journal = {Journal of Experimental Psychology: Animal Behavior Processes},
	pages = {3--26},
	volume = {28},
	number = {1},
	doi = {10.1037/0097-7403.28.1.3},
	note = {Place: US
Publisher: American Psychological Association}
}

@misc{garre-frutos2024b,
  author = {Garre-Frutos, Francisco and Lupiáñez, Juan and Vadillo, Miguel A.},
  title = {Value-modulated attentional capture depends on explicit awareness},
  year = {2024b},
  howpublished = {PsyArXiv},
  doi = {10.31234/osf.io/hpexf},
  url = {https://doi.org/10.31234/osf.io/hpexf},
  note = {Preprint},
  langid = {en}
}


@article{garre-frutos2024a,
	title = {On the reliability of value-modulated attentional capture: An online replication and multiverse analysis},
	author = {Garre-Frutos, Francisco and Vadillo, Miguel A. and González, Felisa and Lupiáñez, Juan},
	year = {2024a},
	month = {01},
	date = {2024a-01-09},
	journal = {Behavior Research Methods},
	doi = {10.3758/s13428-023-02329-5},
	url = {https://doi.org/10.3758/s13428-023-02329-5},
	langid = {en}
}

@article{watson2019,
	title = {Attentional capture by Pavlovian reward-signalling distractors in visual search persists when rewards are removed},
	author = {Watson, Poppy and Pearson, Daniel and Most, Steven B. and Theeuwes, Jan and Wiers, Reinout W. and Pelley, Mike E. Le},
	year = {2019},
	month = {12},
	date = {2019-12-12},
	journal = {PLOS ONE},
	pages = {e0226284},
	volume = {14},
	number = {12},
	doi = {10.1371/journal.pone.0226284},
	url = {https://journals.plos.org/plosone/article?id=10.1371/journal.pone.0226284},
	note = {Publisher: Public Library of Science},
	langid = {en}
}

@article{schad2020,
	title = {How to capitalize on a priori contrasts in linear (mixed) models: A tutorial},
	author = {Schad, Daniel J. and Vasishth, Shravan and Hohenstein, Sven and Kliegl, Reinhold},
	year = {2020},
	month = {02},
	date = {2020-02-01},
	journal = {Journal of Memory and Language},
	pages = {104038},
	volume = {110},
	doi = {10.1016/j.jml.2019.104038},
	url = {https://www.sciencedirect.com/science/article/pii/S0749596X19300695}
}

@article{barr2013,
	title = {Random effects structure for confirmatory hypothesis testing: Keep it maximal.},
	author = {Barr, Dale J and Levy, Roger and Scheepers, Christoph and Tily, Harry J},
	year = {2013},
	month = {04},
	date = {2013-04},
	journal = {Journal of Memory and Language},
	volume = {68},
	number = {3},
	doi = {10.1016/j.jml.2012.11.001},
	url = {http://europepmc.org/abstract/MED/24403724},
	langid = {eng}
}

@article{bates2015,
	title = {Parsimonious mixed models},
	author = {Bates, Douglas and Kliegl, Reinhold and Vasishth, Shravan and Baayen, Harald},
	year = {2015},
	date = {2015},
	journal = {arXiv},
	url = {506.04967},
	langid = {en}
}

@article{matuschek2017,
	title = {Balancing Type I error and power in linear mixed models.},
	author = {Matuschek, Hannes and Kliegl, Reinhold and Vasishth, Shravan and Baayen, Harald and Bates, Douglas},
	year = {2017},
	date = {2017},
	journal = {Journal of Memory and Language},
	pages = {305--315},
	volume = {94},
	doi = {10.1016/j.jml.2017.01.001},
	note = {Place: Netherlands
Publisher: Elsevier Science}
}

@article{jaeger2008,
	title = {Categorical data analysis: Away from ANOVAs (transformation or not) and towards logit mixed models},
	author = {Jaeger, T. Florian},
	year = {2008},
	date = {2008},
	journal = {Journal of memory and language},
	pages = {434--446},
	volume = {59},
	number = {4},
	note = {ISBN: 0749-596X
Publisher: Elsevier}
}

@article{garre-frutos2024,
	title = {On the reliability of value-modulated attentional capture: An online replication and multiverse analysis},
	author = {Garre-Frutos, Francisco and Vadillo, Miguel A. and {González}, Felisa and {Lupiáñez}, Juan},
	year = {2024},
	month = {01},
	date = {2024-01-09},
	journal = {Behavior Research Methods},
	doi = {10.3758/s13428-023-02329-5},
	url = {https://doi.org/10.3758/s13428-023-02329-5},
	langid = {en}
}

@article{leeuw2023,
	title = {jsPsych: Enabling an Open-Source Collaborative Ecosystem of Behavioral Experiments},
	author = {Leeuw, Joshua R. de and Gilbert, Rebecca A. and Luchterhandt, {Björn}},
	year = {2023},
	month = {05},
	date = {2023-05-11},
	journal = {Journal of Open Source Software},
	pages = {5351},
	volume = {8},
	number = {85},
	doi = {10.21105/joss.05351},
	url = {https://joss.theoj.org/papers/10.21105/joss.05351},
	langid = {en}
}

@article{lange2015,
	title = {{"} Just Another Tool for Online Studies{\textquotedblright}(JATOS): An easy solution for setup and management of web servers supporting online studies},
	author = {Lange, Kristian and {Kühn}, Simone and Filevich, Elisa},
	year = {2015},
	date = {2015},
	journal = {PloS one},
	pages = {e0130834},
	volume = {10},
	number = {6},
	note = {ISBN: 1932-6203
Publisher: Public Library of Science San Francisco, CA USA}
}

@article{li2020,
	title = {Controlling for Participants{\textquoteright} Viewing Distance in Large-Scale, Psychophysical Online Experiments Using a Virtual Chinrest},
	author = {Li, Qisheng and Joo, Sung Jun and Yeatman, Jason D. and Reinecke, Katharina},
	year = {2020},
	month = {01},
	date = {2020-01-22},
	journal = {Scientific Reports},
	pages = {904},
	volume = {10},
	number = {1},
	doi = {10.1038/s41598-019-57204-1},
	url = {https://doi.org/10.1038/s41598-019-57204-1}
}

@article{duncan,
	title = {Visual statistical learning requires attentio},
	author = {Duncan, Dock and van Moorselaar, Dirk and Theeuwes, Jan},
	doi = {10.31234/osf.io/6dezr}
}

@misc{duncan2024,
	author = {Duncan, Dock and van Moorselaar, Dirk and Theeuwes, Jan},
	title = {Visual statistical learning requires attentio},
  year = {2024},
  howpublished = {PsyArXiv},
  doi = {10.31234/osf.io/6dezr},
  url = {https://doi.org/10.31234/osf.io/6dezr},
  note = {Preprint},
  langid = {en}
}


@article{jiménez1999,
	title = {Which attention is needed for implicit sequence learning?},
	author = {{Jiménez}, Luis and {Méndez}, {Cástor}},
	year = {1999},
	date = {1999},
	journal = {Journal of Experimental Psychology: Learning, Memory, and Cognition},
	pages = {236--259},
	volume = {25},
	number = {1},
	doi = {10.1037/0278-7393.25.1.236},
	note = {Place: US
Publisher: American Psychological Association}
}

@article{lepelley2016,
	title = {Attention and associative learning in humans: An integrative review},
	author = {Le Pelley, Mike E and Mitchell, Chris J and Beesley, Tom and George, David N and Wills, Andy J},
	year = {2016},
	month = {10},
	date = {2016-10},
	journal = {Psychological bulletin},
	pages = {1111{\textemdash}1140},
	volume = {142},
	number = {10},
	doi = {10.1037/bul0000064},
	url = {https://doi.org/10.1037/bul0000064}
}

@article{lepelley2016a,
	title = {Attention and associative learning in humans: An integrative review},
	author = {Le Pelley, Mike E and Mitchell, Chris J and Beesley, Tom and George, David N and Wills, Andy J},
	year = {2016},
	month = {10},
	date = {2016-10},
	journal = {Psychological bulletin},
	pages = {1111{\textemdash}1140},
	volume = {142},
	number = {10},
	doi = {10.1037/bul0000064},
	url = {https://doi.org/10.1037/bul0000064}
}

@article{smithson2006,
	title = {A better lemon squeezer? Maximum-likelihood regression with beta-distributed dependent variables},
	author = {Smithson, Michael and Verkuilen, Jay},
	year = {2006},
	date = {2006},
	journal = {Psychological Methods},
	pages = {54--71},
	volume = {11},
	number = {1},
	doi = {10.1037/1082-989X.11.1.54},
	note = {Place: US
Publisher: American Psychological Association}
}

@article{mitchell2009,
	title = {The propositional nature of human associative learning},
	author = {Mitchell, Chris J. and Houwer, Jan De and Lovibond, Peter F.},
	year = {2009},
	month = {04},
	date = {2009-04},
	journal = {Behavioral and Brain Sciences},
	pages = {183--198},
	volume = {32},
	number = {2},
	doi = {10.1017/S0140525X09000855},
	url = {https://www.cambridge.org/core/journals/behavioral-and-brain-sciences/article/abs/propositional-nature-of-human-associative-learning/48DF6833A66CE5AF0BAEEFC6BA51DAC2},
	langid = {en}
}

@article{vadillo2020,
	title = {Ignored visual context does not induce latent learning},
	author = {Vadillo, Miguel A. and {Giménez-Fernández}, Tamara and Aivar, M. Pilar and Cubillas, Carmelo P.},
	year = {2020},
	month = {06},
	date = {2020-06-01},
	journal = {Psychonomic Bulletin & Review},
	pages = {512--519},
	volume = {27},
	number = {3},
	doi = {10.3758/s13423-020-01722-x},
	url = {https://doi.org/10.3758/s13423-020-01722-x},
	langid = {en}
}

@article{jiang2001,
	title = {Selective attention modulates implicit learning},
	author = {Jiang, Y. and Chun, M. M.},
	year = {2001},
	month = {11},
	date = {2001-11},
	journal = {The Quarterly Journal of Experimental Psychology. A, Human Experimental Psychology},
	pages = {1105--1124},
	volume = {54},
	number = {4},
	doi = {10.1080/713756001},
	note = {PMID: 11765735},
	langid = {eng}
}

@article{albertella2020,
	title = {Reward-related attentional capture and cognitive inflexibility interact to determine greater severity of compulsivity-related problems},
	author = {Albertella, Lucy and Le Pelley, Mike E. and Chamberlain, Samuel R. and Westbrook, Fred and Lee, Rico S. C. and Fontenelle, Leonardo F. and Grant, Jon E. and Segrave, Rebecca A. and McTavish, Eugene and {Yücel}, Murat},
	year = {2020},
	month = {12},
	date = {2020-12-01},
	journal = {Journal of Behavior Therapy and Experimental Psychiatry},
	pages = {101580},
	volume = {69},
	doi = {10.1016/j.jbtep.2020.101580},
	url = {https://www.sciencedirect.com/science/article/pii/S0005791619302010}
}

@article{lepelley2022,
	title = {Reward learning and statistical learning independently influence attentional priority of salient distractors in visual search},
	author = {Le Pelley, Mike E and Ung, Rhonda and Mine, Chisato and Most, Steven B. and Pearson, Daniel and Theeuwes, Jan},
	year = {2022},
	date = {2022},
	journal = {Attention, perception & psychophysics},
	pages = {1446{\textendash}1459},
	volume = {84},
	number = {5},
	doi = {https://doi.org/10.3758/s13414-021-02426-7},
	langid = {en}
}

@article{liu2021,
	title = {Reward-Related Attentional Capture Moderates the Association between Fear-Driven Motives and Heavy Drinking},
	author = {Liu, Chang and {Yücel}, Murat and Suo, Chao and Le Pelley, Mike E. and Tiego, Jeggan and Rotaru, Kristian and Fontenelle, Leonardo F. and Albertella, Lucy},
	year = {2021},
	date = {2021},
	journal = {European Addiction Research},
	pages = {351--361},
	volume = {27},
	number = {5},
	doi = {10.1159/000513470},
	note = {PMID: 33706304},
	langid = {eng}
}

@article{watson2020,
	title = {Delayed disengagement of attention from distractors signalling reward},
	author = {Watson, Poppy and Pearson, Daniel and Theeuwes, Jan and Most, Steven B. and Le Pelley, Mike E.},
	year = {2020},
	month = {02},
	date = {2020-02-01},
	journal = {Cognition},
	pages = {104125},
	volume = {195},
	doi = {10.1016/j.cognition.2019.104125},
	url = {https://www.sciencedirect.com/science/article/pii/S0010027719302999},
	langid = {en}
}

@article{gao2020,
	title = {Learning to suppress a distractor is not affected by working memory load},
	author = {Gao, Ya and Theeuwes, Jan},
	year = {2020},
	month = {02},
	date = {2020-02-01},
	journal = {Psychonomic Bulletin & Review},
	pages = {96--104},
	volume = {27},
	number = {1},
	doi = {10.3758/s13423-019-01679-6},
	url = {https://doi.org/10.3758/s13423-019-01679-6},
	langid = {en}
}

@article{albertella2019,
	title = {Reward-related attentional capture is associated with severity of addictive and obsessive-compulsive behaviors},
	author = {Albertella, Lucy and Le Pelley, Mike E and Chamberlain, Samuel R and Westbrook, Fred and Fontenelle, Leonardo F and Segrave, Rebecca and Lee, Rico and Pearson, Daniel and {Yücel}, Murat},
	year = {2019},
	month = {08},
	date = {2019-08-01},
	journal = {Psychology of addictive behaviors},
	pages = {495--502},
	volume = {33},
	number = {5},
	doi = {10.1037/adb0000484},
	url = {https://europepmc.org/articles/PMC6681689},
	note = {PMID: 31219264
PMCID: PMC6681689},
	langid = {eng}
}

@article{karvelis,
	title = {Clarifying the reliability paradox: poor test-retest reliability attenuates group differences},
	author = {Karvelis, Povilas and Diaconescu, Andreea},
	doi = {10.31234/osf.io/z4yqe},
	langid = {en-us}
}

@article{parsons2021,
	title = {splithalf: robust estimates of split half reliability},
	author = {Parsons, S},
	year = {2021},
	date = {2021},
	journal = {Journal of Open Source Software},
	pages = {3041--3041},
	volume = {6},
	number = {60},
	note = {Publisher: Open Journals}
}
